@Article{ieee12khabbaz,
  author =       {Khabbaz, Maurice J. and Chadi M., Assi and Wissam F., Fawaz},
  title =        {{Disruption-Tolerant Networking: A Comprehensive Survey on Recent Developments and Persisting Challenges}},
  journal =      {IEEE communications surveys and tutorials},
  year =         {2012},
  keywords =     {DTN, survey},
  notes =        {notes/ieee12maurice.txt},
  pdf =          {pdf/ieee12maurice.pdf}
}
